@article{langmuir26,
    author = "Mott-Smith, H. and Langmuir, I.",
    title = "The theory of collectors in gaseous discharges",
    journal = "Phys. Rev.",
    volume = "28",
    year = "1926",
    langid = "english"
}